%% This BibTeX bibliography file was created using BibDesk.
%% http://bibdesk.sourceforge.net/

%% Created for Philipp Boersch-Supan at 2020-09-02 23:08:41 +0100 


%% Saved with string encoding Unicode (UTF-8) 


@comment{jabref-meta: databaseType:bibtex;}



@techreport{brookes1987western,
	Author = {Brookes, M. H. and R. W. Campbell and J. J. Colbert and R. G. Mitchell and R. W. Stark},
	Date-Added = {2020-08-28 18:23:52 +0100},
	Date-Modified = {2020-08-28 18:30:48 +0100},
	Institution = {United States Department of Agriculture Forest Service},
	Number = {1694},
	Title = {Western spruce budworm},
	Type = {Cooperative State Research Service Technical Bulletin},
	Year = {1987}}

@article{burkner2019ordinal,
	Author = {Paul-Christian B{\"u}rkner and Matti Vuorre},
	Date-Added = {2020-08-28 17:59:28 +0100},
	Date-Modified = {2020-08-28 17:59:33 +0100},
	Doi = {10.1177/2515245918823199},
	Journal = {Advances in Methods and Practices in Psychological Science},
	Month = {feb},
	Number = {1},
	Pages = {77--101},
	Publisher = {{SAGE} Publications},
	Title = {Ordinal Regression Models in Psychology: A Tutorial},
	Url = {https://doi.org/10.1177%2F2515245918823199},
	Volume = {2},
	Year = 2019,
	Bdsk-Url-1 = {https://doi.org/10.1177%2F2515245918823199},
	Bdsk-Url-2 = {https://doi.org/10.1177/2515245918823199}}

@book{agresti2010analysis,
	Author = {Alan Agresti},
	Date-Added = {2020-08-28 17:58:15 +0100},
	Date-Modified = {2020-08-28 17:58:17 +0100},
	Doi = {10.1002/9780470594001},
	Month = {mar},
	Publisher = {John Wiley {\&} Sons, Inc.},
	Title = {Analysis of Ordinal Categorical Data},
	Url = {https://doi.org/10.1002%2F9780470594001},
	Year = 2010,
	Bdsk-Url-1 = {https://doi.org/10.1002%2F9780470594001},
	Bdsk-Url-2 = {https://doi.org/10.1002/9780470594001}}

@article{mccullagh1980regression,
	Author = {Peter McCullagh},
	Date-Added = {2020-08-28 17:52:54 +0100},
	Date-Modified = {2020-08-28 17:52:55 +0100},
	Doi = {10.1111/j.2517-6161.1980.tb01109.x},
	Journal = {Journal of the Royal Statistical Society: Series B (Methodological)},
	Month = {jan},
	Number = {2},
	Pages = {109--127},
	Publisher = {Wiley},
	Title = {Regression Models for Ordinal Data},
	Url = {https://doi.org/10.1111%2Fj.2517-6161.1980.tb01109.x},
	Volume = {42},
	Year = 1980,
	Bdsk-Url-1 = {https://doi.org/10.1111%2Fj.2517-6161.1980.tb01109.x},
	Bdsk-Url-2 = {https://doi.org/10.1111/j.2517-6161.1980.tb01109.x}}

@article{kemp1986stochastic,
	Author = {William P. Kemp and Brian Dennis and Roy C. Beckwith},
	Date-Added = {2020-08-28 17:25:05 +0100},
	Date-Modified = {2020-08-28 17:25:06 +0100},
	Doi = {10.1093/ee/15.3.547},
	Journal = {Environmental Entomology},
	Month = {jun},
	Number = {3},
	Pages = {547--554},
	Publisher = {Oxford University Press ({OUP})},
	Title = {Stochastic Phenology Model for the Western Spruce Budworm (Lepidoptera: Tortricidae)},
	Url = {https://doi.org/10.1093%2Fee%2F15.3.547},
	Volume = {15},
	Year = 1986,
	Bdsk-Url-1 = {https://doi.org/10.1093%2Fee%2F15.3.547},
	Bdsk-Url-2 = {https://doi.org/10.1093/ee/15.3.547}}

@article{dennis1986stochastic,
	Author = {Brian Dennis and William P. Kemp and Roy C. Beckwith},
	Date-Added = {2020-08-28 17:21:18 +0100},
	Date-Modified = {2020-08-28 17:21:22 +0100},
	Doi = {10.1093/ee/15.3.540},
	Journal = {Environmental Entomology},
	Month = {jun},
	Number = {3},
	Pages = {540--546},
	Publisher = {Oxford University Press ({OUP})},
	Title = {Stochastic Model of Insect Phenology: Estimation and Testing},
	Url = {https://doi.org/10.1093%2Fee%2F15.3.540},
	Volume = {15},
	Year = 1986,
	Bdsk-Url-1 = {https://doi.org/10.1093%2Fee%2F15.3.540},
	Bdsk-Url-2 = {https://doi.org/10.1093/ee/15.3.540}}

@article{roy2000phenology,
	Author = {D. B. {Roy} and T. H. {Sparks}},
	Date-Added = {2020-08-28 17:18:02 +0100},
	Date-Modified = {2020-08-28 17:18:02 +0100},
	Journal = {Global Change Biology},
	Notes = {Sourced from Microsoft Academic - https://academic.microsoft.com/paper/2107288398},
	Number = {4},
	Pages = {407--416},
	Title = {Phenology of British butterflies and climate change},
	Volume = {6},
	Year = {2000}}

@article{cushing1990plankton,
	Author = {D.H. {Cushing}},
	Date-Added = {2020-08-28 17:18:02 +0100},
	Date-Modified = {2020-08-28 17:18:02 +0100},
	Journal = {Advances in Marine Biology},
	Notes = {Sourced from Microsoft Academic - https://academic.microsoft.com/paper/1780044675},
	Pages = {249--293},
	Title = {Plankton Production and Year-class Strength in Fish Populations: an Update of the Match/Mismatch Hypothesis},
	Volume = {26},
	Year = {1990}}

@article{chuine2017process,
	Author = {Isabelle {Chuine} and Jacques {R{\'e}gni{\`e}re}},
	Date-Added = {2020-08-28 17:18:02 +0100},
	Date-Modified = {2020-08-28 17:18:02 +0100},
	Journal = {Annual Review of Ecology, Evolution, and Systematics},
	Notes = {Sourced from Microsoft Academic - https://academic.microsoft.com/paper/2611891293},
	Number = {1},
	Pages = {159--182},
	Title = {Process-Based Models of Phenology for Plants and Animals},
	Volume = {48},
	Year = {2017}}

@article{nakazawa2012a,
	Author = {Takefumi {Nakazawa} and Hideyuki {Doi}},
	Date-Added = {2020-08-28 17:18:02 +0100},
	Date-Modified = {2020-08-28 17:18:02 +0100},
	Journal = {Oikos},
	Notes = {Sourced from Microsoft Academic - https://academic.microsoft.com/paper/2153651634},
	Number = {4},
	Pages = {489--495},
	Title = {A perspective on match/mismatch of phenology in community contexts},
	Volume = {121},
	Year = {2012}}

@article{canto2009climate,
	Author = {Tom{\'a}s {Canto} and Miguel A. {Aranda} and Alberto {Fereres}},
	Date-Added = {2020-08-28 17:18:02 +0100},
	Date-Modified = {2020-08-28 17:18:02 +0100},
	Journal = {Global Change Biology},
	Notes = {Sourced from Microsoft Academic - https://academic.microsoft.com/paper/2020197114},
	Number = {8},
	Pages = {1884--1894},
	Title = {Climate change effects on physiology and population processes of hosts and vectors that influence the spread of hemipteran‚Äêborne plant viruses},
	Volume = {15},
	Year = {2009}}

@article{hjort1914fluctuations,
	Author = {J. {Hjort}},
	Date-Added = {2020-08-28 17:18:02 +0100},
	Date-Modified = {2020-08-28 17:18:02 +0100},
	Journal = {Rapports et Proces-Verbaux des Reunions},
	Notes = {Sourced from Microsoft Academic - https://academic.microsoft.com/paper/2799939804},
	Title = {Fluctuations in the great fisheries of Northern Europe viewed in the light of biological research. Copenhague Conseil permanent international pour l'exploration de la mer},
	Year = {1914}}

@article{bailleul2012migration,
	Author = {F Bailleul and V Lesage and M Power and DW Doidge and MO Hammill},
	Date-Added = {2020-08-28 17:13:48 +0100},
	Date-Modified = {2020-08-28 17:16:48 +0100},
	Doi = {10.3354/cr01104},
	Journal = {Climate Research},
	Month = {jul},
	Number = {3},
	Pages = {169--178},
	Publisher = {Inter-Research Science Center},
	Title = {Migration phenology of beluga whales in a changing Arctic},
	Url = {https://doi.org/10.3354%2Fcr01104},
	Volume = {53},
	Year = 2012,
	Bdsk-Url-1 = {https://doi.org/10.3354%2Fcr01104},
	Bdsk-Url-2 = {https://doi.org/10.3354/cr01104}}

@article{cohen2018global,
	Author = {Jeremy M. Cohen and Marc J. Lajeunesse and Jason R. Rohr},
	Date-Added = {2020-08-28 17:10:18 +0100},
	Date-Modified = {2020-08-28 17:10:50 +0100},
	Doi = {10.1038/s41558-018-0067-3},
	Journal = {Nature Climate Change},
	Month = {feb},
	Number = {3},
	Pages = {224--228},
	Publisher = {Springer Science and Business Media {LLC}},
	Title = {A global synthesis of animal phenological responses to climate change},
	Url = {https://doi.org/10.1038%2Fs41558-018-0067-3},
	Volume = {8},
	Year = 2018,
	Bdsk-Url-1 = {https://doi.org/10.1038%2Fs41558-018-0067-3},
	Bdsk-Url-2 = {https://doi.org/10.1038/s41558-018-0067-3}}

@article{candy1991modeling,
	Author = {Candy, Steven G},
	Journal = {Environmental entomology},
	Number = {1},
	Pages = {190--195},
	Publisher = {Oxford University Press Oxford, UK},
	Title = {Modeling insect phenology using ordinal regression and continuation ratio models},
	Volume = {20},
	Year = {1991}}

@article{aono2008phenological,
	__Markedentry = {[phb:6]},
	Author = {Aono, Yasuyuki and Kazui, Keiko},
	Journal = {International Journal of Climatology: A Journal of the Royal Meteorological Society},
	Number = {7},
	Pages = {905--914},
	Publisher = {Wiley Online Library},
	Title = {Phenological data series of cherry tree flowering in Kyoto, Japan, and its application to reconstruction of springtime temperatures since the 9th century},
	Volume = {28},
	Year = {2008}}

@article{shutt2019environmental,
	Author = {Jack D. {Shutt} and Irene Benedicto {Cabello} and Katharine {Keogan} and David I. {Leech} and Jelmer M. {Samplonius} and Lorienne {Whittle} and Malcolm D. {Burgess} and Albert B. {Phillimore}},
	Journal = {Proceedings of The Royal Society B: Biological Sciences},
	Number = {1908},
	Pages = {20190952},
	Title = {The environmental predictors of spatio-temporal variation in the breeding phenology of a passerine bird.},
	Volume = {286},
	Year = {2019}}
